@book{ble_book,
  title     = {Getting Started with Bluetooth Low Energy},
  author    = {Townsend, Kewin and Cuf√≠, Carles and Davidson, Akiba \& Robery},
  version = {First release},
  year = {2014},
  month= {5},
  publisher = {O\'Reilly Media, Inc},
  address   = {Sebastopol, California, USA},
  keywords = {primary},
}

@manual{ble_spec,
  title     = {Bluetooth Core Specification}, 
  organization = {Bluetooth SIG},
  author    = {Core Specification Working Group},
  language = {English},
  version = {Revision 5.2},
  year = {2019},
  month= {12},
  keywords = {primary},
}

@misc{web_article:bouncing,
	title = {Switch Bounce and How to Deal with It},
	autor = {Jens Christoffersen},
	year = {2015},
	month=  {9},
	note = {[Online; accessed 25-02-2021]},
	howpublished = {\url{https://www.allaboutcircuits.com/technical-articles/switch-bounce-how-to-deal-with-it/}},
    keywords = {primary},
}

@misc{web_article:battery,
	title = {Measuring Lithium Battery Voltage},
	autor = {Ole Bauck},
	year = {2016},
	month=  {5},
	note = {[Online; accessed 27-02-2021]},
	howpublished = {\url{https://devzone.nordicsemi.com/nordic/nordic-blog/b/blog/posts/measuring-lithium-battery-voltage-with-nrf52}},
    keywords = {primary},
}

@manual{datasheet:mcp73832,
    title = {MCP73831/2 Datasheet},
    organization = {Microchip Technology Inc.},
    language = {English},
    note = {[Online; accessed 10-01-2022 from \url{https://ww1.microchip.com/downloads/en/DeviceDoc/MCP73831-Family-Data-Sheet-DS20001984H.pdf}]},
    year = {2020},
    month= {2},
    keywords = {primary, datasheet},
}

@manual{datasheet:nrf52833,
    title = {nRF52833 Product Specification},
    organization = {Nordic Semiconductor},
    language = {English},
    note = {[Online; accessed 10-01-2022 from \url{https://infocenter.nordicsemi.com/topic/ps_nrf52833/keyfeatures_html5.html?cp=4_1_0}]},
    version = {1.5},
    year = {2021},
    month= {11},
    keywords = {primary, datasheet},
}




@manual{nrf52doc:softdevice,
    title = {nRF SDK Documentation - SoftDevices},
    organization = {Nordic Semiconductor},
    language = {English},
    note = {[Online; accessed 23-02-2022 from \url{https://infocenter.nordicsemi.com/topic/struct_nrf52/struct/nrf52_softdevices.html}]},
    version = {Revision v17.0.2},
    year = {2022},
    month= {2},
    keywords = {primary, nrf52},
}

@manual{nrf52doc:bootloader,
    title = {nRF SDK Documentation - Bootloader},
    organization = {Nordic Semiconductor},
    note = {[Online; accessed 23-02-2022 from \url{https://infocenter.nordicsemi.com/topic/sdk_nrf5_v17.0.2/lib_bootloader.html}]},
    language = {English},
    version = {Revision v17.0.2},
    year = {2020},
    month= {9},
    keywords = {primary, nrf52},
}

@manual{nrf52doc:secure_bootloader,
    title = {nRF SDK Documentation - Secure Bootloader},
    organization = {Nordic Semiconductor},
    note = {[Online; accessed 09-02-2022 from \url{https://infocenter.nordicsemi.com/topic/sdk_nrf5_v17.0.2/ble_sdk_app_secure_bootloader.html}]},
    language = {English},
    version = {Revision v17.0.2},
    year = {2020},
    month= {9},
    keywords = {primary, nrf52},
}

@manual{nrf52doc:secure_dfu_service,
    title = {nRF SDK Documentation - Buttonless Secure DFU Service},
    organization = {Nordic Semiconductor},
    note = {[Online; accessed 09-02-2022 from \url{https://infocenter.nordicsemi.com/topic/sdk_nrf5_v17.0.2/service_dfu.html}]},
    language = {English},
    version = {Revision v17.0.2},
    year = {2020},
    month= {9},
    keywords = {primary, nrf52},
}

@manual{nrf52doc:dfu_process,
    title = {nRF SDK Documentation - Device Firmware Update process},
    organization = {Nordic Semiconductor},
    note = {[Online; accessed 09-02-2022 from \url{https://infocenter.nordicsemi.com/topic/sdk_nrf5_v17.0.2/lib_bootloader_dfu_process.html}]},
    language = {English},
    version = {Revision v17.0.2},
    year = {2020},
    month= {9},
    keywords = {primary, nrf52, image},
}



@manual{nrf52doc:dfu_service,
    title = {nRF SDK Documentation - DFU BLE Service},
    organization = {Nordic Semiconductor},
    note = {[Online; accessed 09-02-2022 from \url{https://infocenter.nordicsemi.com/topic/sdk_nrf5_v17.0.0/lib_dfu_transport_ble.html}]},
    language = {English},
    version = {Revision v17.0.2},
    year = {2020},
    month= {9},
    keywords = {primary},
}


%%%NOT USED %%%%
@manual{nrf52doc:dual_bank,
    title = {nRF SDK Documentation - Bootloader DFU Banks},
    organization = {Nordic Semiconductor},
    note = {[Online; accessed 09-02-2022 from \url{https://infocenter.nordicsemi.com/topic/sdk_nrf5_v17.0.2/lib_bootloader_dfu_banks.html}]},
    language = {English},
    version = {Revision v17.0.2},
    year = {2020},
    month= {9},
    keywords = {primary, nrf52},
}



@misc{image:nrf52833_block_diagram,
	howpublished = {\url{https://infocenter.nordicsemi.com/topic/ps_nrf52833/blockdiagram.html?cp=4_1_0_2l}},
    autor = {Nordic Semiconductor},
	title = {nRF52833 Block Diagram},
	year = {2021},
	month=  {4},
	note = {[Online; accessed 22-02-2021]},
    keywords = {image},
}

@misc{image:nrf52833_radio_block_diagram,
	howpublished = {\url{https://infocenter.nordicsemi.com/topic/com.nordic.infocenter.nrf52832.ps.v1.1/radio.html?cp=4_2_0_22\#concept_lhd_ygj_4r}},
    autor = {Nordic Semiconductor},
	title = {nRF52833 Radio Block Diagram},
	year = {2021},
	month=  {10},
	note = {[Online; accessed 22-02-2021]},
    keywords = {image},
}
            

@misc{image:BBC_microbit,
	howpublished = {\url{https://microbit.org/}},
    autor = {Micro:bit Educational Foundation},
	title = {Microbit Board},
	note = {[Online; accessed 22-02-2021]},
    keywords = {image},
}

@misc{image:em4100,
	howpublished = {\url{https://www.neven.cz/kategorie/elektronicke-soucastky/nfc-a-rfid/rfid/tk4100-125khz-rfid-neprogramovatelny-cip-klicenka-modry/}},
    autor = {neven.cz},
	title = {TK4100 125KHz RFID key fob},
	note = {[Online; accessed 22-02-2021]},
    keywords = {image},
}

@misc{image:rdm6300,
	howpublished = {\url{https://cityelectronics.pk/shop/125khz-rfid-reader-module-rdm6300-arduino-compatible/}},
    autor = {cityelectronics.pk},
	title = {125khz RFID Reader Module RDM6300},
	note = {[Online; accessed 22-02-2021]},
    keywords = {image},
}

@misc{image:nrf52_memory_layout,
	howpublished = {\url{https://infocenter.nordicsemi.com/topic/sdk_nrf5_v17.0.2/lib_bootloader.html?cp=8_5_0_3_5_0}},
    autor = {Nordic Semiconductor},
	title = {nRF52 Memory Layout},
	year = {2021},
	month=  {9},
	note = {[Online; accessed 24-02-2021]},
    keywords = {image},
}

